<record><leader>00000cas a22000007a 4500</leader><controlfield tag="001">20230148</controlfield><controlfield tag="008">890822d19501980moudn ne      0    0eng d</controlfield><datafield ind1=" " ind2=" " tag="010"><subfield code="a">sn 89066942 </subfield></datafield><datafield ind1=" " ind2=" " tag="040"><subfield code="a">MQN</subfield><subfield code="b">eng</subfield><subfield code="c">MQN</subfield><subfield code="d">OCLCQ</subfield><subfield code="d">OCLCF</subfield><subfield code="d">OCLCO</subfield></datafield><datafield ind1=" " ind2=" " tag="042"><subfield code="a">msc</subfield></datafield><datafield ind1=" " ind2=" " tag="043"><subfield code="a">n-us-mo</subfield></datafield><datafield ind1="0" ind2=" " tag="130"><subfield code="a">Daily news-Democrat (Festus, Mo.)</subfield></datafield><datafield ind1="1" ind2="0" tag="245"><subfield code="a">Daily news-Democrat.</subfield></datafield><datafield ind1=" " ind2=" " tag="260"><subfield code="a">Festus, Mo. :</subfield><subfield code="b">Chas. Porter and Edith Porter,</subfield><subfield code="c">1950-1980.</subfield></datafield><datafield ind1=" " ind2=" " tag="300"><subfield code="a">v.</subfield></datafield><datafield ind1=" " ind2=" " tag="310"><subfield code="a">Daily (except Sat. &amp; Sun.)</subfield></datafield><datafield ind1="0" ind2=" " tag="362"><subfield code="a">Vol. 1, no. 1 (May 1, 1950)-v. 114, no. 6 (Jan. 18, 1980).</subfield></datafield><datafield ind1=" " ind2="0" tag="651"><subfield code="a">Festus (Mo.)</subfield><subfield code="v">Newspapers.</subfield></datafield><datafield ind1=" " ind2="7" tag="655"><subfield code="a">Newspapers.</subfield><subfield code="2">fast</subfield><subfield code="0">(OCoLC)fst01423814</subfield></datafield><datafield ind1=" " ind2="7" tag="651"><subfield code="a">Missouri</subfield><subfield code="z">Festus.</subfield><subfield code="2">fast</subfield><subfield code="0">(OCoLC)fst01228560</subfield></datafield><datafield ind1=" " ind2=" " tag="752"><subfield code="a">United States</subfield><subfield code="b">Missouri</subfield><subfield code="c">Jefferson</subfield><subfield code="d">Festus.</subfield></datafield><datafield ind1="0" ind2="0" tag="780"><subfield code="t">News-Democrat (Festus, Mo.)</subfield><subfield code="w">(DLC)sn 89066941</subfield></datafield><datafield ind1="0" ind2="7" tag="785"><subfield code="t">Arnold pilot</subfield><subfield code="w">(DLC)sn 93060436</subfield></datafield><datafield ind1="0" ind2="7" tag="785"><subfield code="t">Jefferson County Democrat-pilot</subfield><subfield code="w">(DLC)sn 89066937</subfield></datafield></record>